@article{tsang2005,
  title={Core vector machines: Fast SVM training on very large data sets.},
  author={Tsang, Ivor W and Kwok, James T and Cheung, Pak-Ming and Cristianini, Nello},
  journal={Journal of Machine Learning Research},
  volume={6},
  number={4},
  year={2005}
}
@book{shalev2014,
  title={Understanding machine learning: From theory to algorithms},
  author={Shalev-Shwartz, Shai and Ben-David, Shai},
  year={2014},
  publisher={Cambridge university press}
}


