@article{iandola2016,
  title={SqueezeNet: AlexNet-level accuracy with 50x fewer parameters and< 0.5 MB model size},
  author={Iandola, Forrest N and Han, Song and Moskewicz, Matthew W and Ashraf, Khalid and Dally, William J and Keutzer, Kurt},
  journal={arXiv preprint arXiv:1602.07360},
  year={2016}
}
@inproceedings{he2016deep,
  title={Deep residual learning for image recognition},
  author={He, Kaiming and Zhang, Xiangyu and Ren, Shaoqing and Sun, Jian},
  booktitle={Proceedings of the IEEE conference on computer vision and pattern recognition},
  pages={770--778},
  year={2016}
}



