@book{IntroAlgo,
author = {Cormen, Thomas H. and Leiserson, Charles E. and Rivest, Ronald L. and Stein, Clifford},
title = {Introduction to Algorithms, Third Edition},
year = {2009},
isbn = {0262033844},
publisher = {The MIT Press},
edition = {3rd},
doi = {10.5555/1614191}
}

@misc{Exascale,
  author = {Doug Black},
  month = {3},
  title = {The Exascale Report. "The Case for the Graph 500 – Really Fast or Really Productive? Pick One"},
   howpublished={\url{www.insidehpc.com/2012/03/the-case-for-the-graph-500-really-fast-or-really-productive-pick-one/}},
  urldate = {2021-01-02},
  year = {2012},
  organization = {Inside HPC}}
  
@article{Graph500,
author = {Ang, James and Barrett, Brian and Wheeler, Kyle and Murphy, Richard},
year = {2010},
month = {01},
pages = {},
title = {Introducing the graph 500}
}

@misc{Graph500website,
author = {Graph 500 Steering Committee},
title = {Graph500},
year = {2017},
month = {06},
urldate = {2021-01-02},
howpublished={\url{www.graph500.org}}
}

@misc{Graph500github,
author = {Graph 500 Steering Committee},
title = {Graph500 GitHub},
year = {2017},
month = {06},
urldate = {2021-01-02},
howpublished={\url{https://github.com/graph500/graph500}}}


@inproceedings{li2014,
  title={Scalable Graph500 design with MPI-3 RMA},
  author={Li, Mingzhe and Lu, Xiaoyi and Potluri, Sreeram and Hamidouche, Khaled and Jose, Jithin and Tomko, Karen and Panda, Dhabaleswar K},
  booktitle={2014 IEEE International Conference on Cluster Computing (CLUSTER)},
  pages={230--238},
  year={2014},
  organization={IEEE}
}

@misc{mpi3,
author = {MPI Forum},
title = {MPI: A Message Passing Interface Standard.},
year = {2015},
month = {06},
urldate = {2021-01-13},
howpublished={\url{https://www.mpi-forum.org/}}
}

@article{dijkstra,
author = {Dijkstra, E. W.},
title = {A Note on Two Problems in Connexion with Graphs},
year = {1959},
issue_date = {December  1959},
publisher = {Springer-Verlag},
address = {Berlin, Heidelberg},
volume = {1},
number = {1},
issn = {0029-599X},
url = {https://doi.org/10.1007/BF01386390},
doi = {10.1007/BF01386390},
journal = {Numer. Math.},
month = dec,
pages = {269–271},
numpages = {3}
}

